@article{moragoing,
  title={Going a Step Beyond the Black and White Lists for URL Accesses in the Enterprise by means of Categorical Classifiers},
  author={Mora, AM and De las Cuevas, P and Merelo, JJ}
}
